<record><leader>00000cas a22000007a 4500</leader><controlfield tag="001">10260832</controlfield><controlfield tag="008">840103d18691971njuwr ne      0    0eng d</controlfield><datafield ind1=" " ind2=" " tag="010"><subfield code="a">sn 84026052 </subfield></datafield><datafield ind1=" " ind2=" " tag="040"><subfield code="a">NPU</subfield><subfield code="b">eng</subfield><subfield code="c">NPU</subfield><subfield code="d">NPX</subfield><subfield code="d">NPA</subfield><subfield code="d">NJW</subfield><subfield code="d">OCLCQ</subfield></datafield><datafield ind1=" " ind2=" " tag="042"><subfield code="a">msc</subfield></datafield><datafield ind1="0" ind2="4" tag="245"><subfield code="a">The Hackettstown gazette.</subfield></datafield><datafield ind1=" " ind2=" " tag="260"><subfield code="a">Hackettstown, N.J. :</subfield><subfield code="b">E.W. Osmun</subfield></datafield><datafield ind1=" " ind2=" " tag="300"><subfield code="a">v. :</subfield><subfield code="b">ill. ;</subfield><subfield code="c">74 cm.</subfield></datafield><datafield ind1=" " ind2=" " tag="310"><subfield code="a">Weekly</subfield></datafield><datafield ind1="1" ind2=" " tag="362"><subfield code="a">Began in Sept. 1869.</subfield><subfield code="z">Cf. Wright, W.C. and Stellhorn, P.A. Direct. of N.J. newspapers.</subfield></datafield><datafield ind1="1" ind2=" " tag="362"><subfield code="a">Ceased in Jan. 1971.</subfield></datafield><datafield ind1=" " ind2=" " tag="500"><subfield code="a">Publishers: Charles Rittenhouse, 1882-1884; Rittenhouse Brothers, 1884-1885; Frank E. Everett, 1885-1888; Rittenhouse Brothers, 1888-1890; Charles Rittenhouse, 1890-&lt;1915&gt;; Gill &amp; Walling, &lt;1918&gt;-1919; Alfred C. Walling, 1919-&lt;1924&gt;; Hackettstown Gazette Inc., &lt;1925-1969&gt;.</subfield></datafield><datafield ind1=" " ind2=" " tag="500"><subfield code="a">Editor: Eli W. Osmun, 1869-1878.</subfield></datafield><datafield ind1=" " ind2=" " tag="500"><subfield code="a">"Democratic."</subfield></datafield><datafield ind1=" " ind2=" " tag="530"><subfield code="a">Also issued on microfilm by Norton Micro Images and Microfilming Corp. of America.</subfield></datafield><datafield ind1=" " ind2=" " tag="580"><subfield code="a">Published from the same office as: Washington star (Washington, N.J. : 1868), 1869.</subfield></datafield><datafield ind1=" " ind2=" " tag="588"><subfield code="a">Description based on: Vol. 11, no. 19 (Feb. 15, 1873).</subfield></datafield><datafield ind1=" " ind2=" " tag="752"><subfield code="a">United States</subfield><subfield code="b">New Jersey</subfield><subfield code="c">Warren</subfield><subfield code="d">Hackettstown.</subfield></datafield><datafield ind1="0" ind2="0" tag="780"><subfield code="t">Warren gazette (Hackettstown, N.J.)</subfield><subfield code="w">(DLC)sn 85035757</subfield><subfield code="w">(OCoLC)12087110</subfield></datafield><datafield ind1="0" ind2="0" tag="785"><subfield code="t">Hackettstown gazette (1971)</subfield><subfield code="w">(DLC)sn 85035653</subfield><subfield code="w">(OCoLC)12087114</subfield></datafield><datafield ind1="1" ind2=" " tag="787"><subfield code="t">Washington star (Washington, N.J. : 1868)</subfield><subfield code="w">(DLC)sn 84026277</subfield><subfield code="w">(OCoLC)10370748</subfield></datafield><datafield ind1="1" ind2=" " tag="029"><subfield code="a">AU@</subfield><subfield code="b">000025839548</subfield></datafield></record>